<?xml version="1.0" encoding="UTF-8"?><record xmlns="http://www.loc.gov/MARC21/slim" xmlns:cinclude="http://apache.org/cocoon/include/1.0" xmlns:zs="http://www.loc.gov/zing/srw/">
  <leader>00515nz  a2200145n  4500</leader>
  <controlfield tag="001">nr 00026844 </controlfield>
  <controlfield tag="003">DLC</controlfield>
  <controlfield tag="005">20010222033115.0</controlfield>
  <controlfield tag="008">000821n| acannaabn          |a aaa     c</controlfield>
  <datafield tag="010" ind1=" " ind2=" ">
    <subfield code="a">nr 00026844 </subfield>
  </datafield>
  <datafield tag="040" ind1=" " ind2=" ">
    <subfield code="a">NN</subfield>
    <subfield code="b">eng</subfield>
    <subfield code="c">NN</subfield>
  </datafield>
  <datafield tag="100" ind1="1" ind2=" ">
    <subfield code="a">Palmær, Henrik Bernhard,</subfield>
    <subfield code="d">1801-1854</subfield>
  </datafield>
  <datafield tag="400" ind1="1" ind2=" ">
    <subfield code="a">Palmær, H. B.</subfield>
    <subfield code="q">(Henrik Bernhard),</subfield>
    <subfield code="d">1801-1854</subfield>
  </datafield>
  <datafield tag="670" ind1=" " ind2=" ">
    <subfield code="a">Teckningar ur Londons-lifvet, 1840:</subfield>
    <subfield code="b">t.p. (H.B. Palmær)</subfield>
  </datafield>
  <datafield tag="670" ind1=" " ind2=" ">
    <subfield code="a">RLIN, 8/21/00</subfield>
    <subfield code="b">(hdg.: Palmær, Henrik Bernhard, 1801-1854; usage: H.B. Palmær; Henrik Bernhard Palmær)</subfield>
  </datafield>
</record>